<record><leader>00000cas a2200000 a 4500</leader><controlfield tag="001">12195855</controlfield><controlfield tag="008">850625d18981907ksudr ne      0    0eng d</controlfield><datafield ind1=" " ind2=" " tag="010"><subfield code="a">sn 85031369 </subfield></datafield><datafield ind1=" " ind2=" " tag="040"><subfield code="a">KSH</subfield><subfield code="b">eng</subfield><subfield code="c">KSH</subfield><subfield code="d">NPT</subfield><subfield code="d">OCL</subfield><subfield code="d">OCLCQ</subfield></datafield><datafield ind1=" " ind2=" " tag="042"><subfield code="a">msc</subfield></datafield><datafield ind1="0" ind2="4" tag="245"><subfield code="a">The Cherryvale daily news.</subfield></datafield><datafield ind1=" " ind2=" " tag="260"><subfield code="a">Cherryvale, Kan. :</subfield><subfield code="b">J.H. Ritchie,</subfield><subfield code="c">1898-</subfield></datafield><datafield ind1=" " ind2=" " tag="300"><subfield code="a">v. :</subfield><subfield code="b">ill. ;</subfield><subfield code="c">57 cm.</subfield></datafield><datafield ind1=" " ind2=" " tag="310"><subfield code="a">Daily (except Sunday)</subfield></datafield><datafield ind1="0" ind2=" " tag="362"><subfield code="a">Vol. 5, no. 169 (Oct. 11, 1898)-</subfield></datafield><datafield ind1="1" ind2=" " tag="362"><subfield code="a">Ceased with July 1, 1907 issue?</subfield></datafield><datafield ind1=" " ind2=" " tag="500"><subfield code="a">Published by: Horace P. Schell, Dec. 1, 1901-July 17, 1902; J.H. Ritchie &amp; Son, July 19, 1902-</subfield></datafield><datafield ind1=" " ind2=" " tag="580"><subfield code="a">Issued also in a weekly edition called: Cherryvale news (Cherryvale, Kan. : 1898) Oct. 11, 1898-Nov. 1901; Cherryvale weekly news, Nov. 1901-Dec. 26, 1902; Cherryvale news (Cherryvale, Kan. : 1903) Jan. 2, 1903-&lt;July 1, 1907&gt;.</subfield></datafield><datafield ind1=" " ind2=" " tag="752"><subfield code="a">United States</subfield><subfield code="b">Kansas</subfield><subfield code="c">Montgomery</subfield><subfield code="d">Cherryvale.</subfield></datafield><datafield ind1="1" ind2=" " tag="775"><subfield code="t">Cherryvale news (Cherryvale, Kan. : 1898)</subfield><subfield code="w">(DLC)sn 85031373</subfield></datafield><datafield ind1="1" ind2=" " tag="775"><subfield code="t">Cherryvale weekly news</subfield><subfield code="w">(DLC)sn 85031448</subfield></datafield><datafield ind1="1" ind2=" " tag="775"><subfield code="t">Cherryvale news (Cherryvale, Kan. : 1903)</subfield><subfield code="w">(DLC)sn 85031449</subfield></datafield><datafield ind1="0" ind2="0" tag="780"><subfield code="t">Daily news (Cherryvale, Kan.)</subfield><subfield code="w">(DLC)sn 85031368</subfield></datafield></record>